
@article{Lorem2020a,
 author = {Ipsum, Lorem and Amet, Dolor Sit},
 title = {Lorem ipsum dolor sit amet},
 journal = {Lorem ipsum}, volume = {1}, year = {2020}, pages = {1-17},
 doi = {12.3456/abc.12345678},
}

@InCollection{Goebbert2018,
  author    = {Jens Henrik GÃ¶bbert and Tim Kreuzer and Alice Grosch and Andreas Lintermann and Morris Riedel},
  booktitle = {Lecture Notes in Computer Science},
  publisher = {Springer International Publishing},
  title     = {Enabling Interactive Supercomputing at {JSC} Lessons Learned},
  year      = {2018},
  pages     = {669--677},
  doi       = {10.1007/978-3-030-02465-9_48},
}

@Conference{Kluyver2016,
  author       = {Thomas Kluyver and Benjamin Ragan-Kelley and Fernando P{\'e}rez and Brian Granger and Matthias Bussonnier and Jonathan Frederic and Kyle Kelley and Jessica Hamrick and Jason Grout and Sylvain Corlay and Paul Ivanov and Dami{\'a}n Avila and Safia Abdalla and Carol Willing},
  title        = {Jupyter Notebooks -- a publishing format for reproducible computational workflows},
  booktitle    = {Positioning and Power in Academic Publishing: Players, Agents and Agendas},
  year         = {2016},
  editor       = {F. Loizides and B. Schmidt},
  pages        = {87 - 90},
  organization = {IOS Press},
  doi          = {10.3233/978-1-61499-649-1-87},
  file         = {:Kluyver2016.pdf:PDF},
}

@InProceedings{Jupyter2018,
  author    = {Project Jupyter and Matthias Bussonnier and Jessica Forde and Jeremy Freeman and Brian Granger and Tim Head and Chris Holdgraf and Kyle Kelley and Gladys Nalvarte and Andrew Osheroff and M Pacer and Yuvi Panda and Fernando Perez and Benjamin Ragan-Kelley and Carol Willing},
  title     = {{Binder 2.0 - Reproducible, interactive, sharable environments for science at scale}},
  booktitle = {Proceedings of the 17th Python in Science Conference},
  year      = {2018},
  publisher = {{SciPy}},
  doi       = {10.25080/majora-4af1f417-011},
}
